<?xml version="1.0" encoding="UTF-8"?><collection xmlns="http://www.loc.gov/MARC21/slim"><record><leader>00620nam--2200217-i-4500</leader><controlfield tag="001">000017397</controlfield><controlfield tag="002">20161230</controlfield><controlfield tag="005">20161230201032</controlfield><controlfield tag="008">060222s1000------------r-----000-0-eng-d</controlfield><datafield ind1=" " ind2=" " tag="020"><subfield code="a">3-540-17008-1</subfield></datafield><datafield ind1=" " ind2=" " tag="040"><subfield code="a">IFIN-HH</subfield></datafield><datafield ind1=" " ind2=" " tag="080"><subfield code="a">517.9</subfield></datafield><datafield ind1=" " ind2=" " tag="100"><subfield code="a">Gamkrelidze,R.V.(ed.)</subfield></datafield><datafield ind1=" " ind2=" " tag="245"><subfield code="a">Aalysis i. integral representations and asymptotic methods</subfield></datafield><datafield ind1=" " ind2=" " tag="260"><subfield code="a">BERLIN, SPRINGER-VERLAG, 1989. 238p</subfield></datafield><datafield ind1=" " ind2=" " tag="490"><subfield code="a">Encyclopedia of Mathematical Sciences</subfield><subfield code="v">vol.13</subfield></datafield><datafield ind1=" " ind2=" " tag="504"><subfield code="a">Includes Index</subfield></datafield><datafield ind1=" " ind2=" " tag="650"><subfield code="a">Operational Calculus</subfield></datafield><datafield ind1=" " ind2=" " tag="700"><subfield code="a">Gamkrelidze, R.V</subfield></datafield><datafield ind1=" " ind2=" " tag="852"><subfield code="a">80926</subfield><subfield code="c">517.9</subfield></datafield><datafield ind1=" " ind2=" " tag="CAT"><subfield code="a">Sys</subfield><subfield code="c">20090610</subfield><subfield code="h">075255</subfield></datafield></record></collection>